<record><leader>00000cas a22000007a 4500</leader><controlfield tag="001">10158052</controlfield><controlfield tag="008">831123d18641883pauwr ne      0    0eng d</controlfield><datafield ind1=" " ind2=" " tag="010"><subfield code="a">sn 83032088 </subfield></datafield><datafield ind1=" " ind2=" " tag="040"><subfield code="a">NPU</subfield><subfield code="b">eng</subfield><subfield code="c">NPU</subfield><subfield code="d">NPX</subfield><subfield code="d">NPH</subfield><subfield code="d">OCLCQ</subfield></datafield><datafield ind1=" " ind2=" " tag="042"><subfield code="a">msc</subfield></datafield><datafield ind1="0" ind2="4" tag="245"><subfield code="a">The Venango citizen.</subfield></datafield><datafield ind1=" " ind2=" " tag="260"><subfield code="a">Franklin, Pa. :</subfield><subfield code="b">Nelson B. Smiley</subfield></datafield><datafield ind1=" " ind2=" " tag="300"><subfield code="a">v. :</subfield><subfield code="b">ill. (chiefly advertisements) ;</subfield><subfield code="c">61-71 cm.</subfield></datafield><datafield ind1=" " ind2=" " tag="310"><subfield code="a">Weekly</subfield></datafield><datafield ind1="1" ind2=" " tag="362"><subfield code="a">Began in 1864.</subfield><subfield code="z">Cf. Hist. of Venango Co., Pa., 1890.</subfield></datafield><datafield ind1="1" ind2=" " tag="362"><subfield code="a">Ceased with Dec. 27, 1883 issue.</subfield></datafield><datafield ind1=" " ind2=" " tag="500"><subfield code="a">Publishers: J.W.H. Reisinger, &lt;1869&gt;; Ed. W. Smiley, &lt;1873-1876&gt;.</subfield></datafield><datafield ind1=" " ind2=" " tag="500"><subfield code="a">"Republican," &lt;1869-1876&gt;.</subfield></datafield><datafield ind1=" " ind2=" " tag="500"><subfield code="a">"Devoted to the cause of the Union local and general intelligence."</subfield></datafield><datafield ind1=" " ind2=" " tag="500"><subfield code="a">Editor: Ed. W. Smith, &lt;1876&gt;.</subfield></datafield><datafield ind1=" " ind2=" " tag="580"><subfield code="a">Continues: American citizen (Franklin, Pa.). Cf. Hist. of Venango Co., Pa., 1890.</subfield></datafield><datafield ind1=" " ind2=" " tag="588"><subfield code="a">Description based on: Vol. 11, no. 28 (Nov. 8, 1865).</subfield></datafield><datafield ind1=" " ind2=" " tag="752"><subfield code="a">United States</subfield><subfield code="b">Pennsylvania</subfield><subfield code="c">Venango</subfield><subfield code="d">Franklin.</subfield></datafield><datafield ind1="1" ind2="0" tag="780"><subfield code="t">American citizen (Franklin, Pa.)</subfield><subfield code="w">(DLC)sn 88079608</subfield></datafield><datafield ind1="0" ind2="7" tag="785"><subfield code="t">Independent press (Franklin, Pa.)</subfield><subfield code="w">(DLC)sn 86053460</subfield></datafield><datafield ind1="0" ind2="7" tag="785"><subfield code="t">Citizen-press (Franklin, Pa.)</subfield><subfield code="w">(DLC)sn 87078422</subfield></datafield><datafield ind1="1" ind2=" " tag="029"><subfield code="a">AU@</subfield><subfield code="b">000025834571</subfield></datafield></record>